%YAML 1.1
%TAG !u! tag:unity3d.com,2011:
--- !u!1 &113352
GameObject:
  m_ObjectHideFlags: 0
  m_PrefabParentObject: {fileID: 0}
  m_PrefabInternal: {fileID: 100100000}
  serializedVersion: 4
  m_Component:
  - 4: {fileID: 477696}
  - 198: {fileID: 19886400}
  - 199: {fileID: 19996432}
  m_Layer: 11
  m_Name: ParticleSystem
  m_TagString: Untagged
  m_Icon: {fileID: 0}
  m_NavMeshLayer: 0
  m_StaticEditorFlags: 0
  m_IsActive: 1
--- !u!1 &128088
GameObject:
  m_ObjectHideFlags: 0
  m_PrefabParentObject: {fileID: 0}
  m_PrefabInternal: {fileID: 100100000}
  serializedVersion: 4
  m_Component:
  - 4: {fileID: 421796}
  - 212: {fileID: 21259884}
  m_Layer: 9
  m_Name: Sprite
  m_TagString: Build
  m_Icon: {fileID: 0}
  m_NavMeshLayer: 0
  m_StaticEditorFlags: 0
  m_IsActive: 1
--- !u!1 &130146
GameObject:
  m_ObjectHideFlags: 0
  m_PrefabParentObject: {fileID: 0}
  m_PrefabInternal: {fileID: 100100000}
  serializedVersion: 4
  m_Component:
  - 4: {fileID: 440706}
  - 114: {fileID: 11454450}
  - 61: {fileID: 6142350}
  m_Layer: 9
  m_Name: Build_Fazenda
  m_TagString: Build
  m_Icon: {fileID: 0}
  m_NavMeshLayer: 0
  m_StaticEditorFlags: 0
  m_IsActive: 1
--- !u!1 &138642
GameObject:
  m_ObjectHideFlags: 0
  m_PrefabParentObject: {fileID: 0}
  m_PrefabInternal: {fileID: 100100000}
  serializedVersion: 4
  m_Component:
  - 4: {fileID: 481288}
  - 212: {fileID: 21245272}
  m_Layer: 9
  m_Name: Fazenda
  m_TagString: Build
  m_Icon: {fileID: 0}
  m_NavMeshLayer: 0
  m_StaticEditorFlags: 0
  m_IsActive: 1
--- !u!4 &421796
Transform:
  m_ObjectHideFlags: 1
  m_PrefabParentObject: {fileID: 0}
  m_PrefabInternal: {fileID: 100100000}
  m_GameObject: {fileID: 128088}
  m_LocalRotation: {x: 0, y: 0, z: 0, w: 1}
  m_LocalPosition: {x: 0, y: 0, z: 0}
  m_LocalScale: {x: 1.25, y: 1.25, z: 5}
  m_Children: []
  m_Father: {fileID: 440706}
  m_RootOrder: 0
--- !u!4 &440706
Transform:
  m_ObjectHideFlags: 1
  m_PrefabParentObject: {fileID: 0}
  m_PrefabInternal: {fileID: 100100000}
  m_GameObject: {fileID: 130146}
  m_LocalRotation: {x: 0, y: 0, z: 0, w: 1}
  m_LocalPosition: {x: 914.920837, y: 146.829468, z: -5.31461906}
  m_LocalScale: {x: 1, y: 1, z: 1}
  m_Children:
  - {fileID: 421796}
  - {fileID: 481288}
  - {fileID: 477696}
  m_Father: {fileID: 0}
  m_RootOrder: 0
--- !u!4 &477696
Transform:
  m_ObjectHideFlags: 1
  m_PrefabParentObject: {fileID: 0}
  m_PrefabInternal: {fileID: 100100000}
  m_GameObject: {fileID: 113352}
  m_LocalRotation: {x: 0, y: 0, z: 0, w: 1}
  m_LocalPosition: {x: 0, y: .660000026, z: 0}
  m_LocalScale: {x: 1, y: 1, z: 1}
  m_Children: []
  m_Father: {fileID: 440706}
  m_RootOrder: 2
--- !u!4 &481288
Transform:
  m_ObjectHideFlags: 1
  m_PrefabParentObject: {fileID: 0}
  m_PrefabInternal: {fileID: 100100000}
  m_GameObject: {fileID: 138642}
  m_LocalRotation: {x: 0, y: 0, z: 0, w: 1}
  m_LocalPosition: {x: .00300000003, y: -.023, z: 0}
  m_LocalScale: {x: 1.38000083, y: 1.38000083, z: 5.52000332}
  m_Children: []
  m_Father: {fileID: 440706}
  m_RootOrder: 1
--- !u!61 &6142350
BoxCollider2D:
  m_ObjectHideFlags: 1
  m_PrefabParentObject: {fileID: 0}
  m_PrefabInternal: {fileID: 100100000}
  m_GameObject: {fileID: 130146}
  m_Enabled: 1
  m_Material: {fileID: 0}
  m_IsTrigger: 0
  m_UsedByEffector: 0
  m_Offset: {x: 0, y: 0}
  serializedVersion: 2
  m_Size: {x: 1, y: 1}
--- !u!114 &11454450
MonoBehaviour:
  m_ObjectHideFlags: 1
  m_PrefabParentObject: {fileID: 0}
  m_PrefabInternal: {fileID: 100100000}
  m_GameObject: {fileID: 130146}
  m_Enabled: 1
  m_EditorHideFlags: 0
  m_Script: {fileID: 11500000, guid: 70f3cfe3534a57445a55d63fbf9d8ed9, type: 3}
  m_Name: 
  m_EditorClassIdentifier: 
  EntityType: 2
  UiRequestMessage: "Uma <b>FAZENDA</b> foi constru\xEDda!"
  HistoryLogBase:
    Type: 7
    Date: 
    Tick: 0
    Season: 0
    SeasonCounter: 0
    ShortLog: Uma nova fazenda acabou de ser construida.
    LongLog: 
  BuildName: 2
  BuildType: 3
  ConstructionStatus: 1
  BuildCost:
    FoodCost: 0
    WoodCost: 100
    ConstructionTick: 7
  WorkersOnSite: []
  BuildConstruction:
    WorkerModifier: .5
  ParticleSystem: {fileID: 19886400}
  ParticleRenderer: {fileID: 19996432}
  ParticleMaterials:
  - {fileID: 2100000, guid: 88fa4d93094aa844bb8d2d4bcebfbe68, type: 2}
  - {fileID: 2100000, guid: 5bf006e8fcc76f147a2782a18fae3198, type: 2}
  WorkStatus: 0
  ResourceStatus: 0
  ResourceData:
  - {fileID: 11400000, guid: 1e1bf519426230046af5e53c611f3962, type: 2}
  ResourcePoolData: {fileID: 11400000, guid: 56f40b7054c42e046831d9e29441d624, type: 2}
  ResourceWorkerData: {fileID: 11400000, guid: 239f8ffb13791b947aa7e0e54145d430, type: 2}
  ResourcePoolAmount: 0
--- !u!198 &19886400
ParticleSystem:
  m_ObjectHideFlags: 1
  m_PrefabParentObject: {fileID: 0}
  m_PrefabInternal: {fileID: 100100000}
  m_GameObject: {fileID: 113352}
  lengthInSec: 5
  startDelay: 0
  speed: 1
  randomSeed: 0
  looping: 1
  prewarm: 0
  playOnAwake: 0
  moveWithTransform: 1
  InitialModule:
    enabled: 1
    startLifetime:
      scalar: 2
      maxCurve:
        serializedVersion: 2
        m_Curve:
        - time: 0
          value: 1
          inSlope: 0
          outSlope: 0
          tangentMode: 0
        - time: 1
          value: 1
          inSlope: 0
          outSlope: 0
          tangentMode: 0
        m_PreInfinity: 2
        m_PostInfinity: 2
      minCurve:
        serializedVersion: 2
        m_Curve:
        - time: 0
          value: 0
          inSlope: 0
          outSlope: 0
          tangentMode: 0
        - time: 1
          value: 0
          inSlope: 0
          outSlope: 0
          tangentMode: 0
        m_PreInfinity: 2
        m_PostInfinity: 2
      minMaxState: 0
    startSpeed:
      scalar: 5
      maxCurve:
        serializedVersion: 2
        m_Curve:
        - time: 0
          value: 1
          inSlope: 5.91340807e-08
          outSlope: 5.91340807e-08
          tangentMode: 1
        - time: .466843516
          value: 1
          inSlope: 5.91340807e-08
          outSlope: 5.91340807e-08
          tangentMode: 1
        m_PreInfinity: 2
        m_PostInfinity: 2
      minCurve:
        serializedVersion: 2
        m_Curve:
        - time: 0
          value: 0
          inSlope: 0
          outSlope: 0
          tangentMode: 0
        - time: 1
          value: 0
          inSlope: 0
          outSlope: 0
          tangentMode: 0
        m_PreInfinity: 2
        m_PostInfinity: 2
      minMaxState: 1
    startColor:
      maxGradient:
        key0:
          serializedVersion: 2
          rgba: 4294967295
        key1:
          serializedVersion: 2
          rgba: 4294967295
        key2:
          serializedVersion: 2
          rgba: 0
        key3:
          serializedVersion: 2
          rgba: 0
        key4:
          serializedVersion: 2
          rgba: 0
        key5:
          serializedVersion: 2
          rgba: 0
        key6:
          serializedVersion: 2
          rgba: 0
        key7:
          serializedVersion: 2
          rgba: 0
        ctime0: 0
        ctime1: 65535
        ctime2: 0
        ctime3: 0
        ctime4: 0
        ctime5: 0
        ctime6: 0
        ctime7: 0
        atime0: 0
        atime1: 65535
        atime2: 0
        atime3: 0
        atime4: 0
        atime5: 0
        atime6: 0
        atime7: 0
        m_NumColorKeys: 2
        m_NumAlphaKeys: 2
      minGradient:
        key0:
          serializedVersion: 2
          rgba: 4294967295
        key1:
          serializedVersion: 2
          rgba: 4294967295
        key2:
          serializedVersion: 2
          rgba: 0
        key3:
          serializedVersion: 2
          rgba: 0
        key4:
          serializedVersion: 2
          rgba: 0
        key5:
          serializedVersion: 2
          rgba: 0
        key6:
          serializedVersion: 2
          rgba: 0
        key7:
          serializedVersion: 2
          rgba: 0
        ctime0: 0
        ctime1: 65535
        ctime2: 0
        ctime3: 0
        ctime4: 0
        ctime5: 0
        ctime6: 0
        ctime7: 0
        atime0: 0
        atime1: 65535
        atime2: 0
        atime3: 0
        atime4: 0
        atime5: 0
        atime6: 0
        atime7: 0
        m_NumColorKeys: 2
        m_NumAlphaKeys: 2
      minColor:
        serializedVersion: 2
        rgba: 4294967295
      maxColor:
        serializedVersion: 2
        rgba: 4294967295
      minMaxState: 0
    startSize:
      scalar: 1.29999995
      maxCurve:
        serializedVersion: 2
        m_Curve:
        - time: 0
          value: 1
          inSlope: 0
          outSlope: 0
          tangentMode: 0
        - time: 1
          value: 1
          inSlope: 0
          outSlope: 0
          tangentMode: 0
        m_PreInfinity: 2
        m_PostInfinity: 2
      minCurve:
        serializedVersion: 2
        m_Curve:
        - time: 0
          value: 0
          inSlope: 0
          outSlope: 0
          tangentMode: 0
        - time: 1
          value: 0
          inSlope: 0
          outSlope: 0
          tangentMode: 0
        m_PreInfinity: 2
        m_PostInfinity: 2
      minMaxState: 0
    startRotation:
      scalar: 0
      maxCurve:
        serializedVersion: 2
        m_Curve:
        - time: 0
          value: 1
          inSlope: 0
          outSlope: 0
          tangentMode: 0
        - time: 1
          value: 1
          inSlope: 0
          outSlope: 0
          tangentMode: 0
        m_PreInfinity: 2
        m_PostInfinity: 2
      minCurve:
        serializedVersion: 2
        m_Curve:
        - time: 0
          value: 0
          inSlope: 0
          outSlope: 0
          tangentMode: 0
        - time: 1
          value: 0
          inSlope: 0
          outSlope: 0
          tangentMode: 0
        m_PreInfinity: 2
        m_PostInfinity: 2
      minMaxState: 0
    gravityModifier: 0
    inheritVelocity: 0
    maxNumParticles: 1000
  ShapeModule:
    serializedVersion: 2
    enabled: 1
    type: 5
    radius: 1
    angle: 25
    length: 5
    boxX: .622780502
    boxY: .616716862
    boxZ: 1
    arc: 360
    placementMode: 0
    m_Mesh: {fileID: 0}
    randomDirection: 0
  EmissionModule:
    enabled: 1
    m_Type: 0
    rate:
      scalar: 1
      maxCurve:
        serializedVersion: 2
        m_Curve:
        - time: 0
          value: 1
          inSlope: 0
          outSlope: 0
          tangentMode: 0
        - time: 1
          value: 1
          inSlope: 0
          outSlope: 0
          tangentMode: 0
        m_PreInfinity: 2
        m_PostInfinity: 2
      minCurve:
        serializedVersion: 2
        m_Curve:
        - time: 0
          value: 0
          inSlope: 0
          outSlope: 0
          tangentMode: 0
        - time: 1
          value: 0
          inSlope: 0
          outSlope: 0
          tangentMode: 0
        m_PreInfinity: 2
        m_PostInfinity: 2
      minMaxState: 0
    cnt0: 30
    cnt1: 30
    cnt2: 30
    cnt3: 30
    time0: 0
    time1: 0
    time2: 0
    time3: 0
    m_BurstCount: 0
  SizeModule:
    enabled: 1
    curve:
      scalar: 1
      maxCurve:
        serializedVersion: 2
        m_Curve:
        - time: 0
          value: .247933865
          inSlope: 0
          outSlope: 0
          tangentMode: 0
        - time: 1
          value: 1
          inSlope: 0
          outSlope: 0
          tangentMode: 1
        m_PreInfinity: 2
        m_PostInfinity: 2
      minCurve:
        serializedVersion: 2
        m_Curve:
        - time: 0
          value: 0
          inSlope: 0
          outSlope: 0
          tangentMode: 0
        - time: 1
          value: 0
          inSlope: 0
          outSlope: 0
          tangentMode: 0
        m_PreInfinity: 2
        m_PostInfinity: 2
      minMaxState: 1
  RotationModule:
    enabled: 0
    curve:
      scalar: 3.1415925
      maxCurve:
        serializedVersion: 2
        m_Curve:
        - time: 0
          value: 1
          inSlope: 0
          outSlope: 0
          tangentMode: 0
        - time: 1
          value: 1
          inSlope: 0
          outSlope: 0
          tangentMode: 0
        m_PreInfinity: 2
        m_PostInfinity: 2
      minCurve:
        serializedVersion: 2
        m_Curve:
        - time: 0
          value: 0
          inSlope: 0
          outSlope: 0
          tangentMode: 0
        - time: 1
          value: 0
          inSlope: 0
          outSlope: 0
          tangentMode: 0
        m_PreInfinity: 2
        m_PostInfinity: 2
      minMaxState: 0
  ColorModule:
    enabled: 1
    gradient:
      maxGradient:
        key0:
          serializedVersion: 2
          rgba: 4294967295
        key1:
          serializedVersion: 2
          rgba: 16777215
        key2:
          serializedVersion: 2
          rgba: 0
        key3:
          serializedVersion: 2
          rgba: 0
        key4:
          serializedVersion: 2
          rgba: 0
        key5:
          serializedVersion: 2
          rgba: 0
        key6:
          serializedVersion: 2
          rgba: 0
        key7:
          serializedVersion: 2
          rgba: 0
        ctime0: 0
        ctime1: 65535
        ctime2: 0
        ctime3: 0
        ctime4: 0
        ctime5: 0
        ctime6: 0
        ctime7: 0
        atime0: 0
        atime1: 65535
        atime2: 0
        atime3: 0
        atime4: 0
        atime5: 0
        atime6: 0
        atime7: 0
        m_NumColorKeys: 2
        m_NumAlphaKeys: 2
      minGradient:
        key0:
          serializedVersion: 2
          rgba: 4294967295
        key1:
          serializedVersion: 2
          rgba: 4294967295
        key2:
          serializedVersion: 2
          rgba: 0
        key3:
          serializedVersion: 2
          rgba: 0
        key4:
          serializedVersion: 2
          rgba: 0
        key5:
          serializedVersion: 2
          rgba: 0
        key6:
          serializedVersion: 2
          rgba: 0
        key7:
          serializedVersion: 2
          rgba: 0
        ctime0: 0
        ctime1: 65535
        ctime2: 0
        ctime3: 0
        ctime4: 0
        ctime5: 0
        ctime6: 0
        ctime7: 0
        atime0: 0
        atime1: 65535
        atime2: 0
        atime3: 0
        atime4: 0
        atime5: 0
        atime6: 0
        atime7: 0
        m_NumColorKeys: 2
        m_NumAlphaKeys: 2
      minColor:
        serializedVersion: 2
        rgba: 4294967295
      maxColor:
        serializedVersion: 2
        rgba: 4294967295
      minMaxState: 1
  UVModule:
    enabled: 0
    frameOverTime:
      scalar: 1
      maxCurve:
        serializedVersion: 2
        m_Curve:
        - time: 0
          value: 0
          inSlope: 0
          outSlope: 1
          tangentMode: 0
        - time: 1
          value: 1
          inSlope: 1
          outSlope: 0
          tangentMode: 0
        m_PreInfinity: 2
        m_PostInfinity: 2
      minCurve:
        serializedVersion: 2
        m_Curve:
        - time: 0
          value: 0
          inSlope: 0
          outSlope: 1
          tangentMode: 0
        - time: 1
          value: 1
          inSlope: 1
          outSlope: 0
          tangentMode: 0
        m_PreInfinity: 2
        m_PostInfinity: 2
      minMaxState: 1
    tilesX: 1
    tilesY: 1
    animationType: 0
    rowIndex: 0
    cycles: 1
    randomRow: 1
  VelocityModule:
    enabled: 1
    x:
      scalar: 0
      maxCurve:
        serializedVersion: 2
        m_Curve:
        - time: 0
          value: 1
          inSlope: 0
          outSlope: 0
          tangentMode: 0
        - time: 1
          value: 1
          inSlope: 0
          outSlope: 0
          tangentMode: 0
        m_PreInfinity: 2
        m_PostInfinity: 2
      minCurve:
        serializedVersion: 2
        m_Curve:
        - time: 0
          value: 0
          inSlope: 0
          outSlope: 0
          tangentMode: 0
        - time: 1
          value: 0
          inSlope: 0
          outSlope: 0
          tangentMode: 0
        m_PreInfinity: 2
        m_PostInfinity: 2
      minMaxState: 0
    y:
      scalar: .200000003
      maxCurve:
        serializedVersion: 2
        m_Curve:
        - time: 0
          value: 1
          inSlope: 0
          outSlope: 0
          tangentMode: 0
        - time: 1
          value: 1
          inSlope: 0
          outSlope: 0
          tangentMode: 0
        m_PreInfinity: 2
        m_PostInfinity: 2
      minCurve:
        serializedVersion: 2
        m_Curve:
        - time: 0
          value: 0
          inSlope: 0
          outSlope: 0
          tangentMode: 0
        - time: 1
          value: 0
          inSlope: 0
          outSlope: 0
          tangentMode: 0
        m_PreInfinity: 2
        m_PostInfinity: 2
      minMaxState: 0
    z:
      scalar: 0
      maxCurve:
        serializedVersion: 2
        m_Curve:
        - time: 0
          value: 1
          inSlope: 0
          outSlope: 0
          tangentMode: 0
        - time: 1
          value: 1
          inSlope: 0
          outSlope: 0
          tangentMode: 0
        m_PreInfinity: 2
        m_PostInfinity: 2
      minCurve:
        serializedVersion: 2
        m_Curve:
        - time: 0
          value: 0
          inSlope: 0
          outSlope: 0
          tangentMode: 0
        - time: 1
          value: 0
          inSlope: 0
          outSlope: 0
          tangentMode: 0
        m_PreInfinity: 2
        m_PostInfinity: 2
      minMaxState: 0
    inWorldSpace: 0
  ForceModule:
    enabled: 0
    x:
      scalar: 0
      maxCurve:
        serializedVersion: 2
        m_Curve:
        - time: 0
          value: 1
          inSlope: 0
          outSlope: 0
          tangentMode: 0
        - time: 1
          value: 1
          inSlope: 0
          outSlope: 0
          tangentMode: 0
        m_PreInfinity: 2
        m_PostInfinity: 2
      minCurve:
        serializedVersion: 2
        m_Curve:
        - time: 0
          value: 0
          inSlope: 0
          outSlope: 0
          tangentMode: 0
        - time: 1
          value: 0
          inSlope: 0
          outSlope: 0
          tangentMode: 0
        m_PreInfinity: 2
        m_PostInfinity: 2
      minMaxState: 0
    y:
      scalar: 0
      maxCurve:
        serializedVersion: 2
        m_Curve:
        - time: 0
          value: 1
          inSlope: 0
          outSlope: 0
          tangentMode: 0
        - time: 1
          value: 1
          inSlope: 0
          outSlope: 0
          tangentMode: 0
        m_PreInfinity: 2
        m_PostInfinity: 2
      minCurve:
        serializedVersion: 2
        m_Curve:
        - time: 0
          value: 0
          inSlope: 0
          outSlope: 0
          tangentMode: 0
        - time: 1
          value: 0
          inSlope: 0
          outSlope: 0
          tangentMode: 0
        m_PreInfinity: 2
        m_PostInfinity: 2
      minMaxState: 0
    z:
      scalar: 0
      maxCurve:
        serializedVersion: 2
        m_Curve:
        - time: 0
          value: 1
          inSlope: 0
          outSlope: 0
          tangentMode: 0
        - time: 1
          value: 1
          inSlope: 0
          outSlope: 0
          tangentMode: 0
        m_PreInfinity: 2
        m_PostInfinity: 2
      minCurve:
        serializedVersion: 2
        m_Curve:
        - time: 0
          value: 0
          inSlope: 0
          outSlope: 0
          tangentMode: 0
        - time: 1
          value: 0
          inSlope: 0
          outSlope: 0
          tangentMode: 0
        m_PreInfinity: 2
        m_PostInfinity: 2
      minMaxState: 0
    inWorldSpace: 0
    randomizePerFrame: 0
  ExternalForcesModule:
    enabled: 0
    multiplier: 1
  ClampVelocityModule:
    enabled: 0
    x:
      scalar: 1
      maxCurve:
        serializedVersion: 2
        m_Curve:
        - time: 0
          value: 1
          inSlope: 0
          outSlope: 0
          tangentMode: 0
        - time: 1
          value: 1
          inSlope: 0
          outSlope: 0
          tangentMode: 0
        m_PreInfinity: 2
        m_PostInfinity: 2
      minCurve:
        serializedVersion: 2
        m_Curve:
        - time: 0
          value: 0
          inSlope: 0
          outSlope: 0
          tangentMode: 0
        - time: 1
          value: 0
          inSlope: 0
          outSlope: 0
          tangentMode: 0
        m_PreInfinity: 2
        m_PostInfinity: 2
      minMaxState: 0
    y:
      scalar: 1
      maxCurve:
        serializedVersion: 2
        m_Curve:
        - time: 0
          value: 1
          inSlope: 0
          outSlope: 0
          tangentMode: 0
        - time: 1
          value: 1
          inSlope: 0
          outSlope: 0
          tangentMode: 0
        m_PreInfinity: 2
        m_PostInfinity: 2
      minCurve:
        serializedVersion: 2
        m_Curve:
        - time: 0
          value: 0
          inSlope: 0
          outSlope: 0
          tangentMode: 0
        - time: 1
          value: 0
          inSlope: 0
          outSlope: 0
          tangentMode: 0
        m_PreInfinity: 2
        m_PostInfinity: 2
      minMaxState: 0
    z:
      scalar: 1
      maxCurve:
        serializedVersion: 2
        m_Curve:
        - time: 0
          value: 1
          inSlope: 0
          outSlope: 0
          tangentMode: 0
        - time: 1
          value: 1
          inSlope: 0
          outSlope: 0
          tangentMode: 0
        m_PreInfinity: 2
        m_PostInfinity: 2
      minCurve:
        serializedVersion: 2
        m_Curve:
        - time: 0
          value: 0
          inSlope: 0
          outSlope: 0
          tangentMode: 0
        - time: 1
          value: 0
          inSlope: 0
          outSlope: 0
          tangentMode: 0
        m_PreInfinity: 2
        m_PostInfinity: 2
      minMaxState: 0
    magnitude:
      scalar: 1
      maxCurve:
        serializedVersion: 2
        m_Curve:
        - time: 0
          value: 1
          inSlope: 0
          outSlope: 0
          tangentMode: 0
        - time: 1
          value: 1
          inSlope: 0
          outSlope: 0
          tangentMode: 0
        m_PreInfinity: 2
        m_PostInfinity: 2
      minCurve:
        serializedVersion: 2
        m_Curve:
        - time: 0
          value: 0
          inSlope: 0
          outSlope: 0
          tangentMode: 0
        - time: 1
          value: 0
          inSlope: 0
          outSlope: 0
          tangentMode: 0
        m_PreInfinity: 2
        m_PostInfinity: 2
      minMaxState: 0
    separateAxis: 0
    inWorldSpace: 0
    dampen: 1
  SizeBySpeedModule:
    enabled: 0
    curve:
      scalar: 1
      maxCurve:
        serializedVersion: 2
        m_Curve:
        - time: 0
          value: 1
          inSlope: 0
          outSlope: 0
          tangentMode: 0
        - time: 1
          value: 1
          inSlope: 0
          outSlope: 0
          tangentMode: 0
        m_PreInfinity: 2
        m_PostInfinity: 2
      minCurve:
        serializedVersion: 2
        m_Curve:
        - time: 0
          value: 0
          inSlope: 0
          outSlope: 0
          tangentMode: 0
        - time: 1
          value: 0
          inSlope: 0
          outSlope: 0
          tangentMode: 0
        m_PreInfinity: 2
        m_PostInfinity: 2
      minMaxState: 1
    range: {x: 0, y: 1}
  RotationBySpeedModule:
    enabled: 0
    curve:
      scalar: .785398185
      maxCurve:
        serializedVersion: 2
        m_Curve:
        - time: 0
          value: 1
          inSlope: 0
          outSlope: 0
          tangentMode: 0
        - time: 1
          value: 1
          inSlope: 0
          outSlope: 0
          tangentMode: 0
        m_PreInfinity: 2
        m_PostInfinity: 2
      minCurve:
        serializedVersion: 2
        m_Curve:
        - time: 0
          value: 0
          inSlope: 0
          outSlope: 0
          tangentMode: 0
        - time: 1
          value: 0
          inSlope: 0
          outSlope: 0
          tangentMode: 0
        m_PreInfinity: 2
        m_PostInfinity: 2
      minMaxState: 0
    range: {x: 0, y: 1}
  ColorBySpeedModule:
    enabled: 0
    gradient:
      maxGradient:
        key0:
          serializedVersion: 2
          rgba: 4294967295
        key1:
          serializedVersion: 2
          rgba: 4294967295
        key2:
          serializedVersion: 2
          rgba: 0
        key3:
          serializedVersion: 2
          rgba: 0
        key4:
          serializedVersion: 2
          rgba: 0
        key5:
          serializedVersion: 2
          rgba: 0
        key6:
          serializedVersion: 2
          rgba: 0
        key7:
          serializedVersion: 2
          rgba: 0
        ctime0: 0
        ctime1: 65535
        ctime2: 0
        ctime3: 0
        ctime4: 0
        ctime5: 0
        ctime6: 0
        ctime7: 0
        atime0: 0
        atime1: 65535
        atime2: 0
        atime3: 0
        atime4: 0
        atime5: 0
        atime6: 0
        atime7: 0
        m_NumColorKeys: 2
        m_NumAlphaKeys: 2
      minGradient:
        key0:
          serializedVersion: 2
          rgba: 4294967295
        key1:
          serializedVersion: 2
          rgba: 4294967295
        key2:
          serializedVersion: 2
          rgba: 0
        key3:
          serializedVersion: 2
          rgba: 0
        key4:
          serializedVersion: 2
          rgba: 0
        key5:
          serializedVersion: 2
          rgba: 0
        key6:
          serializedVersion: 2
          rgba: 0
        key7:
          serializedVersion: 2
          rgba: 0
        ctime0: 0
        ctime1: 65535
        ctime2: 0
        ctime3: 0
        ctime4: 0
        ctime5: 0
        ctime6: 0
        ctime7: 0
        atime0: 0
        atime1: 65535
        atime2: 0
        atime3: 0
        atime4: 0
        atime5: 0
        atime6: 0
        atime7: 0
        m_NumColorKeys: 2
        m_NumAlphaKeys: 2
      minColor:
        serializedVersion: 2
        rgba: 4294967295
      maxColor:
        serializedVersion: 2
        rgba: 4294967295
      minMaxState: 1
    range: {x: 0, y: 1}
  CollisionModule:
    enabled: 0
    type: 0
    plane0: {fileID: 0}
    plane1: {fileID: 0}
    plane2: {fileID: 0}
    plane3: {fileID: 0}
    plane4: {fileID: 0}
    plane5: {fileID: 0}
    dampen: 0
    bounce: 1
    energyLossOnCollision: 0
    minKillSpeed: 0
    particleRadius: .00999999978
    collidesWith:
      serializedVersion: 2
      m_Bits: 4294967295
    quality: 0
    voxelSize: .5
    collisionMessages: 0
  SubModule:
    enabled: 0
    subEmitterBirth: {fileID: 0}
    subEmitterBirth1: {fileID: 0}
    subEmitterCollision: {fileID: 0}
    subEmitterCollision1: {fileID: 0}
    subEmitterDeath: {fileID: 0}
    subEmitterDeath1: {fileID: 0}
--- !u!199 &19996432
ParticleSystemRenderer:
  m_ObjectHideFlags: 1
  m_PrefabParentObject: {fileID: 0}
  m_PrefabInternal: {fileID: 100100000}
  m_GameObject: {fileID: 113352}
  m_Enabled: 1
  m_CastShadows: 0
  m_ReceiveShadows: 0
  m_Materials:
  - {fileID: 2100000, guid: 7440887242d54884b843a7294bf8e93d, type: 2}
  m_SubsetIndices: 
  m_StaticBatchRoot: {fileID: 0}
  m_UseLightProbes: 1
  m_ReflectionProbeUsage: 0
  m_ProbeAnchor: {fileID: 0}
  m_ScaleInLightmap: 1
  m_PreserveUVs: 0
  m_ImportantGI: 0
  m_AutoUVMaxDistance: .5
  m_AutoUVMaxAngle: 89
  m_LightmapParameters: {fileID: 0}
  m_SortingLayerID: -844304045
  m_SortingOrder: 2
  m_RenderMode: 0
  m_MaxParticleSize: .5
  m_CameraVelocityScale: 0
  m_VelocityScale: 0
  m_LengthScale: 2
  m_SortingFudge: 0
  m_NormalDirection: 1
  m_SortMode: 0
  m_Mesh: {fileID: 0}
  m_Mesh1: {fileID: 0}
  m_Mesh2: {fileID: 0}
  m_Mesh3: {fileID: 0}
--- !u!212 &21245272
SpriteRenderer:
  m_ObjectHideFlags: 1
  m_PrefabParentObject: {fileID: 0}
  m_PrefabInternal: {fileID: 100100000}
  m_GameObject: {fileID: 138642}
  m_Enabled: 1
  m_CastShadows: 0
  m_ReceiveShadows: 0
  m_Materials:
  - {fileID: 10754, guid: 0000000000000000e000000000000000, type: 0}
  m_SubsetIndices: 
  m_StaticBatchRoot: {fileID: 0}
  m_UseLightProbes: 0
  m_ReflectionProbeUsage: 0
  m_ProbeAnchor: {fileID: 0}
  m_ScaleInLightmap: 1
  m_PreserveUVs: 0
  m_ImportantGI: 0
  m_AutoUVMaxDistance: .5
  m_AutoUVMaxAngle: 89
  m_LightmapParameters: {fileID: 0}
  m_SortingLayerID: 1346503411
  m_SortingOrder: 1
  m_Sprite: {fileID: 21300004, guid: 43f1bffb2b6ca9e478976e8973e535af, type: 3}
  m_Color: {r: 1, g: 1, b: 1, a: 1}
--- !u!212 &21259884
SpriteRenderer:
  m_ObjectHideFlags: 1
  m_PrefabParentObject: {fileID: 0}
  m_PrefabInternal: {fileID: 100100000}
  m_GameObject: {fileID: 128088}
  m_Enabled: 1
  m_CastShadows: 0
  m_ReceiveShadows: 0
  m_Materials:
  - {fileID: 10754, guid: 0000000000000000e000000000000000, type: 0}
  m_SubsetIndices: 
  m_StaticBatchRoot: {fileID: 0}
  m_UseLightProbes: 0
  m_ReflectionProbeUsage: 0
  m_ProbeAnchor: {fileID: 0}
  m_ScaleInLightmap: 1
  m_PreserveUVs: 0
  m_ImportantGI: 0
  m_AutoUVMaxDistance: .5
  m_AutoUVMaxAngle: 89
  m_LightmapParameters: {fileID: 0}
  m_SortingLayerID: 1346503411
  m_SortingOrder: 0
  m_Sprite: {fileID: 21300024, guid: 43f1bffb2b6ca9e478976e8973e535af, type: 3}
  m_Color: {r: 1, g: 1, b: 1, a: 1}
--- !u!1001 &100100000
Prefab:
  m_ObjectHideFlags: 1
  serializedVersion: 2
  m_Modification:
    m_TransformParent: {fileID: 0}
    m_Modifications:
    - target: {fileID: 0}
      propertyPath: ResourceData.Array.size
      value: 1
      objectReference: {fileID: 0}
    - target: {fileID: 0}
      propertyPath: ParticleMaterials.Array.size
      value: 2
      objectReference: {fileID: 0}
    - target: {fileID: 0}
      propertyPath: DataInfo.ResourceTypes.Array.size
      value: 1
      objectReference: {fileID: 0}
    - target: {fileID: 0}
      propertyPath: DataInfo.ResourcesAmountToGenerate.Array.size
      value: 1
      objectReference: {fileID: 0}
    - target: {fileID: 0}
      propertyPath: ResourceData.Array.data[0].Graph.m_Curve.Array.size
      value: 3
      objectReference: {fileID: 0}
    - target: {fileID: 0}
      propertyPath: ResourceData.Array.data[1].Graph.m_Curve.Array.size
      value: 3
      objectReference: {fileID: 0}
    - target: {fileID: 0}
      propertyPath: ResourceData.Array.data[2].Graph.m_Curve.Array.size
      value: 5
      objectReference: {fileID: 0}
    - target: {fileID: 0}
      propertyPath: ResourceWorkerData.GraphWorkerInfluence.m_Curve.Array.size
      value: 5
      objectReference: {fileID: 0}
    - target: {fileID: 0}
      propertyPath: ResourceData.Array.data[0].GraphTickInfluence.m_Curve.Array.size
      value: 2
      objectReference: {fileID: 0}
    - target: {fileID: 0}
      propertyPath: ResourceData.Array.data[1].GraphTickInfluence.m_Curve.Array.size
      value: 3
      objectReference: {fileID: 0}
    - target: {fileID: 0}
      propertyPath: ResourceData.Array.data[2].GraphTickInfluence.m_Curve.Array.size
      value: 4
      objectReference: {fileID: 0}
    - target: {fileID: 0}
      propertyPath: ResourceData.Array.data[0].GraphWorkerInfluence.m_Curve.Array.size
      value: 3
      objectReference: {fileID: 0}
    - target: {fileID: 0}
      propertyPath: ResourceData.Array.data[1].GraphWorkerInfluence.m_Curve.Array.size
      value: 3
      objectReference: {fileID: 0}
    - target: {fileID: 0}
      propertyPath: ResourceData.Array.data[2].GraphWorkerInfluence.m_Curve.Array.size
      value: 3
      objectReference: {fileID: 0}
    - target: {fileID: 0}
      propertyPath: m_LocalRotation.x
      value: .707106829
      objectReference: {fileID: 0}
    - target: {fileID: 0}
      propertyPath: m_LocalRotation.w
      value: .707106709
      objectReference: {fileID: 0}
    - target: {fileID: 0}
      propertyPath: m_SortingLayerID
      value: 1346503411
      objectReference: {fileID: 0}
    - target: {fileID: 0}
      propertyPath: m_Layer
      value: 9
      objectReference: {fileID: 0}
    - target: {fileID: 0}
      propertyPath: m_IsKinematic
      value: 1
      objectReference: {fileID: 0}
    - target: {fileID: 0}
      propertyPath: DataInfo.ResourceTypes.Array.data[0]
      value: 1
      objectReference: {fileID: 0}
    - target: {fileID: 0}
      propertyPath: DataInfo.ResourcesAmountToGenerate.Array.data[0]
      value: 10
      objectReference: {fileID: 0}
    - target: {fileID: 0}
      propertyPath: DataInfo.Type
      value: 1
      objectReference: {fileID: 0}
    - target: {fileID: 0}
      propertyPath: ResourceData.Array.data[0].Type
      value: 1
      objectReference: {fileID: 0}
    - target: {fileID: 0}
      propertyPath: ResourceData.Array.data[0].GenerationAmount
      value: 10
      objectReference: {fileID: 0}
    - target: {fileID: 0}
      propertyPath: ResourceData.Array.data[0].GenerationTick
      value: 2
      objectReference: {fileID: 0}
    - target: {fileID: 0}
      propertyPath: ResourceData.Array.data[1].GenerationAmount
      value: 5
      objectReference: {fileID: 0}
    - target: {fileID: 0}
      propertyPath: ResourceData.Array.data[1].GenerationTick
      value: 3
      objectReference: {fileID: 0}
    - target: {fileID: 0}
      propertyPath: ResourceData.Array.data[2].GenerationTick
      value: 3
      objectReference: {fileID: 0}
    - target: {fileID: 0}
      propertyPath: ResourceData.Array.data[2].GenerationAmount
      value: 6
      objectReference: {fileID: 0}
    - target: {fileID: 0}
      propertyPath: ResourceData.Array.data[0].Graph.m_PreInfinity
      value: 2
      objectReference: {fileID: 0}
    - target: {fileID: 0}
      propertyPath: ResourceData.Array.data[0].Graph.m_PostInfinity
      value: 2
      objectReference: {fileID: 0}
    - target: {fileID: 0}
      propertyPath: ResourceData.Array.data[0].Graph.m_Curve.Array.data[1].time
      value: 3.86719704
      objectReference: {fileID: 0}
    - target: {fileID: 0}
      propertyPath: ResourceData.Array.data[0].Graph.m_Curve.Array.data[1].value
      value: 1.77266431
      objectReference: {fileID: 0}
    - target: {fileID: 0}
      propertyPath: ResourceData.Array.data[0].Graph.m_Curve.Array.data[0].time
      value: 2.00362086
      objectReference: {fileID: 0}
    - target: {fileID: 0}
      propertyPath: ResourceData.Array.data[0].Graph.m_Curve.Array.data[0].value
      value: 1.2497735
      objectReference: {fileID: 0}
    - target: {fileID: 0}
      propertyPath: ResourceData.Array.data[0].Graph.m_Curve.Array.data[0].inSlope
      value: 1.67746186
      objectReference: {fileID: 0}
    - target: {fileID: 0}
      propertyPath: ResourceData.Array.data[0].Graph.m_Curve.Array.data[0].outSlope
      value: 1.67746186
      objectReference: {fileID: 0}
    - target: {fileID: 0}
      propertyPath: ResourceData.Array.data[0].GenerationMaxTick
      value: 4
      objectReference: {fileID: 0}
    - target: {fileID: 0}
      propertyPath: ResourceData.Array.data[1].GenerationMaxTick
      value: 12
      objectReference: {fileID: 0}
    - target: {fileID: 0}
      propertyPath: ResourceData.Array.data[2].GenerationMaxTick
      value: 15
      objectReference: {fileID: 0}
    - target: {fileID: 0}
      propertyPath: ResourceData.Array.data[0].Graph.m_Curve.Array.data[1].inSlope
      value: 1.49250031
      objectReference: {fileID: 0}
    - target: {fileID: 0}
      propertyPath: ResourceData.Array.data[0].Graph.m_Curve.Array.data[1].outSlope
      value: 1.49250031
      objectReference: {fileID: 0}
    - target: {fileID: 0}
      propertyPath: ResourceData.Array.data[1].Graph.m_Curve.Array.data[0].inSlope
      value: .179034591
      objectReference: {fileID: 0}
    - target: {fileID: 0}
      propertyPath: ResourceData.Array.data[1].Graph.m_Curve.Array.data[0].outSlope
      value: .179034591
      objectReference: {fileID: 0}
    - target: {fileID: 0}
      propertyPath: ResourceData.Array.data[1].Graph.m_Curve.Array.data[1].value
      value: 1.02137136
      objectReference: {fileID: 0}
    - target: {fileID: 0}
      propertyPath: ResourceData.Array.data[1].Graph.m_Curve.Array.data[1].inSlope
      value: .214301407
      objectReference: {fileID: 0}
    - target: {fileID: 0}
      propertyPath: ResourceData.Array.data[1].Graph.m_Curve.Array.data[1].outSlope
      value: .214301407
      objectReference: {fileID: 0}
    - target: {fileID: 0}
      propertyPath: ResourceData.Array.data[1].Graph.m_Curve.Array.data[1].time
      value: 8.0027647
      objectReference: {fileID: 0}
    - target: {fileID: 0}
      propertyPath: ResourceData.Array.data[1].Graph.m_Curve.Array.data[0].time
      value: 3.99973798
      objectReference: {fileID: 0}
    - target: {fileID: 0}
      propertyPath: ResourceData.Array.data[1].Graph.m_Curve.Array.data[0].value
      value: .304691076
      objectReference: {fileID: 0}
    - target: {fileID: 0}
      propertyPath: ResourceData.Array.data[1].Graph.m_Curve.Array.data[1].tangentMode
      value: 10
      objectReference: {fileID: 0}
    - target: {fileID: 0}
      propertyPath: ResourceData.Array.data[1].Graph.m_Curve.Array.data[2].time
      value: 12.0018091
      objectReference: {fileID: 0}
    - target: {fileID: 0}
      propertyPath: ResourceData.Array.data[1].Graph.m_Curve.Array.data[2].value
      value: 2.01940584
      objectReference: {fileID: 0}
    - target: {fileID: 0}
      propertyPath: ResourceData.Array.data[1].Graph.m_Curve.Array.data[2].inSlope
      value: .249568239
      objectReference: {fileID: 0}
    - target: {fileID: 0}
      propertyPath: ResourceData.Array.data[1].Graph.m_Curve.Array.data[2].outSlope
      value: .249568239
      objectReference: {fileID: 0}
    - target: {fileID: 0}
      propertyPath: ResourceData.Array.data[2].Graph.m_Curve.Array.data[0].inSlope
      value: -.169972241
      objectReference: {fileID: 0}
    - target: {fileID: 0}
      propertyPath: ResourceData.Array.data[2].Graph.m_Curve.Array.data[0].outSlope
      value: -.169972241
      objectReference: {fileID: 0}
    - target: {fileID: 0}
      propertyPath: ResourceData.Array.data[2].Graph.m_Curve.Array.data[1].value
      value: .498186082
      objectReference: {fileID: 0}
    - target: {fileID: 0}
      propertyPath: ResourceData.Array.data[2].Graph.m_Curve.Array.data[1].inSlope
      value: -.00131255388
      objectReference: {fileID: 0}
    - target: {fileID: 0}
      propertyPath: ResourceData.Array.data[2].Graph.m_Curve.Array.data[1].outSlope
      value: -.00131255388
      objectReference: {fileID: 0}
    - target: {fileID: 0}
      propertyPath: ResourceData.Array.data[2].Graph.m_Curve.Array.data[1].time
      value: 6.0015316
      objectReference: {fileID: 0}
    - target: {fileID: 0}
      propertyPath: ResourceData.Array.data[2].Graph.m_Curve.Array.data[2].time
      value: 8.99730492
      objectReference: {fileID: 0}
    - target: {fileID: 0}
      propertyPath: ResourceData.Array.data[2].Graph.m_Curve.Array.data[2].inSlope
      value: .166992545
      objectReference: {fileID: 0}
    - target: {fileID: 0}
      propertyPath: ResourceData.Array.data[2].Graph.m_Curve.Array.data[2].outSlope
      value: .166992545
      objectReference: {fileID: 0}
    - target: {fileID: 0}
      propertyPath: ResourceData.Array.data[2].Graph.m_Curve.Array.data[2].value
      value: .999520123
      objectReference: {fileID: 0}
    - target: {fileID: 0}
      propertyPath: ResourceData.Array.data[2].Graph.m_Curve.Array.data[3].time
      value: 12.005827
      objectReference: {fileID: 0}
    - target: {fileID: 0}
      propertyPath: ResourceData.Array.data[2].Graph.m_Curve.Array.data[3].inSlope
      value: .16531831
      objectReference: {fileID: 0}
    - target: {fileID: 0}
      propertyPath: ResourceData.Array.data[2].Graph.m_Curve.Array.data[3].outSlope
      value: .16531831
      objectReference: {fileID: 0}
    - target: {fileID: 0}
      propertyPath: ResourceData.Array.data[2].Graph.m_Curve.Array.data[3].value
      value: 1.50085413
      objectReference: {fileID: 0}
    - target: {fileID: 0}
      propertyPath: ResourceData.Array.data[2].Graph.m_Curve.Array.data[4].time
      value: 15.0016289
      objectReference: {fileID: 0}
    - target: {fileID: 0}
      propertyPath: ResourceData.Array.data[2].Graph.m_Curve.Array.data[4].inSlope
      value: .163998663
      objectReference: {fileID: 0}
    - target: {fileID: 0}
      propertyPath: ResourceData.Array.data[2].Graph.m_Curve.Array.data[4].outSlope
      value: .163998663
      objectReference: {fileID: 0}
    - target: {fileID: 0}
      propertyPath: Workers
      value: 0
      objectReference: {fileID: 0}
    - target: {fileID: 0}
      propertyPath: ResourceData.Array.data[0].GraphTickInfluence.m_Curve.Array.data[0].time
      value: 2.0062232
      objectReference: {fileID: 0}
    - target: {fileID: 0}
      propertyPath: ResourceData.Array.data[0].GraphTickInfluence.m_Curve.Array.data[0].value
      value: 1.24303079
      objectReference: {fileID: 0}
    - target: {fileID: 0}
      propertyPath: ResourceData.Array.data[0].GraphTickInfluence.m_Curve.Array.data[0].inSlope
      value: .374956697
      objectReference: {fileID: 0}
    - target: {fileID: 0}
      propertyPath: ResourceData.Array.data[0].GraphTickInfluence.m_Curve.Array.data[0].outSlope
      value: .374956697
      objectReference: {fileID: 0}
    - target: {fileID: 0}
      propertyPath: ResourceData.Array.data[0].GraphTickInfluence.m_Curve.Array.data[1].time
      value: 4.0016675
      objectReference: {fileID: 0}
    - target: {fileID: 0}
      propertyPath: ResourceData.Array.data[0].GraphTickInfluence.m_Curve.Array.data[1].inSlope
      value: .374956697
      objectReference: {fileID: 0}
    - target: {fileID: 0}
      propertyPath: ResourceData.Array.data[0].GraphTickInfluence.m_Curve.Array.data[1].outSlope
      value: .374956697
      objectReference: {fileID: 0}
    - target: {fileID: 0}
      propertyPath: ResourceData.Array.data[0].GraphTickInfluence.m_Curve.Array.data[1].value
      value: 1.99123597
      objectReference: {fileID: 0}
    - target: {fileID: 0}
      propertyPath: ResourceData.Array.data[1].GraphTickInfluence.m_Curve.Array.data[0].value
      value: .506701827
      objectReference: {fileID: 0}
    - target: {fileID: 0}
      propertyPath: ResourceData.Array.data[1].GraphTickInfluence.m_Curve.Array.data[0].time
      value: 4.00483274
      objectReference: {fileID: 0}
    - target: {fileID: 0}
      propertyPath: ResourceData.Array.data[1].GraphTickInfluence.m_Curve.Array.data[0].inSlope
      value: .124142289
      objectReference: {fileID: 0}
    - target: {fileID: 0}
      propertyPath: ResourceData.Array.data[1].GraphTickInfluence.m_Curve.Array.data[0].outSlope
      value: .124142289
      objectReference: {fileID: 0}
    - target: {fileID: 0}
      propertyPath: ResourceData.Array.data[1].GraphTickInfluence.m_Curve.Array.data[1].time
      value: 7.99280357
      objectReference: {fileID: 0}
    - target: {fileID: 0}
      propertyPath: ResourceData.Array.data[1].GraphTickInfluence.m_Curve.Array.data[1].inSlope
      value: .186421722
      objectReference: {fileID: 0}
    - target: {fileID: 0}
      propertyPath: ResourceData.Array.data[1].GraphTickInfluence.m_Curve.Array.data[1].outSlope
      value: .186421722
      objectReference: {fileID: 0}
    - target: {fileID: 0}
      propertyPath: ResourceData.Array.data[1].GraphTickInfluence.m_Curve.Array.data[1].value
      value: 1.00177765
      objectReference: {fileID: 0}
    - target: {fileID: 0}
      propertyPath: ResourceData.Array.data[1].GraphTickInfluence.m_Curve.Array.data[2].time
      value: 12.0056896
      objectReference: {fileID: 0}
    - target: {fileID: 0}
      propertyPath: ResourceData.Array.data[1].GraphTickInfluence.m_Curve.Array.data[2].inSlope
      value: .24870114
      objectReference: {fileID: 0}
    - target: {fileID: 0}
      propertyPath: ResourceData.Array.data[1].GraphTickInfluence.m_Curve.Array.data[2].outSlope
      value: .24870114
      objectReference: {fileID: 0}
    - target: {fileID: 0}
      propertyPath: ResourceData.Array.data[1].GraphTickInfluence.m_Curve.Array.data[2].value
      value: 1.99978697
      objectReference: {fileID: 0}
    - target: {fileID: 0}
      propertyPath: ResourceData.Array.data[2].GraphTickInfluence.m_Curve.Array.data[0].time
      value: 3.00032926
      objectReference: {fileID: 0}
    - target: {fileID: 0}
      propertyPath: ResourceData.Array.data[2].GraphTickInfluence.m_Curve.Array.data[0].value
      value: 1.00128639
      objectReference: {fileID: 0}
    - target: {fileID: 0}
      propertyPath: ResourceData.Array.data[2].GraphTickInfluence.m_Curve.Array.data[0].inSlope
      value: -.169809446
      objectReference: {fileID: 0}
    - target: {fileID: 0}
      propertyPath: ResourceData.Array.data[2].GraphTickInfluence.m_Curve.Array.data[0].outSlope
      value: -.169809446
      objectReference: {fileID: 0}
    - target: {fileID: 0}
      propertyPath: ResourceData.Array.data[2].GraphTickInfluence.m_Curve.Array.data[1].time
      value: 6.0017314
      objectReference: {fileID: 0}
    - target: {fileID: 0}
      propertyPath: ResourceData.Array.data[2].GraphTickInfluence.m_Curve.Array.data[1].value
      value: .491619945
      objectReference: {fileID: 0}
    - target: {fileID: 0}
      propertyPath: ResourceData.Array.data[2].GraphTickInfluence.m_Curve.Array.data[1].inSlope
      value: .166463614
      objectReference: {fileID: 0}
    - target: {fileID: 0}
      propertyPath: ResourceData.Array.data[2].GraphTickInfluence.m_Curve.Array.data[1].outSlope
      value: .166463614
      objectReference: {fileID: 0}
    - target: {fileID: 0}
      propertyPath: ResourceData.Array.data[2].GraphTickInfluence.m_Curve.Array.data[2].time
      value: 9.00313473
      objectReference: {fileID: 0}
    - target: {fileID: 0}
      propertyPath: ResourceData.Array.data[2].GraphTickInfluence.m_Curve.Array.data[2].inSlope
      value: .126033083
      objectReference: {fileID: 0}
    - target: {fileID: 0}
      propertyPath: ResourceData.Array.data[2].GraphTickInfluence.m_Curve.Array.data[2].outSlope
      value: .126033083
      objectReference: {fileID: 0}
    - target: {fileID: 0}
      propertyPath: ResourceData.Array.data[2].GraphTickInfluence.m_Curve.Array.data[2].value
      value: 2.00053549
      objectReference: {fileID: 0}
    - target: {fileID: 0}
      propertyPath: ResourceData.Array.data[2].GraphTickInfluence.m_Curve.Array.data[3].time
      value: 11.9968929
      objectReference: {fileID: 0}
    - target: {fileID: 0}
      propertyPath: ResourceData.Array.data[2].GraphTickInfluence.m_Curve.Array.data[3].value
      value: 1.25008857
      objectReference: {fileID: 0}
    - target: {fileID: 0}
      propertyPath: ResourceData.Array.data[2].GraphTickInfluence.m_Curve.Array.data[3].inSlope
      value: -.250670522
      objectReference: {fileID: 0}
    - target: {fileID: 0}
      propertyPath: ResourceData.Array.data[2].GraphTickInfluence.m_Curve.Array.data[3].outSlope
      value: -.250670522
      objectReference: {fileID: 0}
    - target: {fileID: 0}
      propertyPath: ResourceData.Array.data[0].GraphWorkerInfluence.m_Curve.Array.data[0].value
      value: 1.00584984
      objectReference: {fileID: 0}
    - target: {fileID: 0}
      propertyPath: ResourceData.Array.data[0].GraphWorkerInfluence.m_Curve.Array.data[0].time
      value: 1.00004447
      objectReference: {fileID: 0}
    - target: {fileID: 0}
      propertyPath: ResourceData.Array.data[0].GraphWorkerInfluence.m_Curve.Array.data[0].inSlope
      value: .252175957
      objectReference: {fileID: 0}
    - target: {fileID: 0}
      propertyPath: ResourceData.Array.data[0].GraphWorkerInfluence.m_Curve.Array.data[0].outSlope
      value: .252175957
      objectReference: {fileID: 0}
    - target: {fileID: 0}
      propertyPath: ResourceData.Array.data[0].GraphWorkerInfluence.m_Curve.Array.data[1].value
      value: 1.25923502
      objectReference: {fileID: 0}
    - target: {fileID: 0}
      propertyPath: ResourceData.Array.data[0].GraphWorkerInfluence.m_Curve.Array.data[1].inSlope
      value: .496992886
      objectReference: {fileID: 0}
    - target: {fileID: 0}
      propertyPath: ResourceData.Array.data[0].GraphWorkerInfluence.m_Curve.Array.data[1].outSlope
      value: .496992886
      objectReference: {fileID: 0}
    - target: {fileID: 0}
      propertyPath: ResourceData.Array.data[0].GraphWorkerInfluence.m_Curve.Array.data[1].time
      value: 2.00483966
      objectReference: {fileID: 0}
    - target: {fileID: 0}
      propertyPath: ResourceData.Array.data[0].GraphWorkerInfluence.m_Curve.Array.data[2].value
      value: 2.00234127
      objectReference: {fileID: 0}
    - target: {fileID: 0}
      propertyPath: ResourceData.Array.data[0].GraphWorkerInfluence.m_Curve.Array.data[2].inSlope
      value: .741809845
      objectReference: {fileID: 0}
    - target: {fileID: 0}
      propertyPath: ResourceData.Array.data[0].GraphWorkerInfluence.m_Curve.Array.data[2].outSlope
      value: .741809845
      objectReference: {fileID: 0}
    - target: {fileID: 0}
      propertyPath: ResourceData.Array.data[0].GraphWorkerInfluence.m_Curve.Array.data[2].time
      value: 3.00658727
      objectReference: {fileID: 0}
    - target: {fileID: 0}
      propertyPath: ResourceData.Array.data[1].GraphWorkerInfluence.m_Curve.Array.data[0].value
      value: 1.00172162
      objectReference: {fileID: 0}
    - target: {fileID: 0}
      propertyPath: ResourceData.Array.data[1].GraphWorkerInfluence.m_Curve.Array.data[0].time
      value: .999577522
      objectReference: {fileID: 0}
    - target: {fileID: 0}
      propertyPath: ResourceData.Array.data[1].GraphWorkerInfluence.m_Curve.Array.data[0].inSlope
      value: .498614609
      objectReference: {fileID: 0}
    - target: {fileID: 0}
      propertyPath: ResourceData.Array.data[1].GraphWorkerInfluence.m_Curve.Array.data[0].outSlope
      value: .498614609
      objectReference: {fileID: 0}
    - target: {fileID: 0}
      propertyPath: ResourceData.Array.data[1].GraphWorkerInfluence.m_Curve.Array.data[1].inSlope
      value: .381798297
      objectReference: {fileID: 0}
    - target: {fileID: 0}
      propertyPath: ResourceData.Array.data[1].GraphWorkerInfluence.m_Curve.Array.data[1].outSlope
      value: .381798297
      objectReference: {fileID: 0}
    - target: {fileID: 0}
      propertyPath: ResourceData.Array.data[1].GraphWorkerInfluence.m_Curve.Array.data[1].time
      value: 2.00039983
      objectReference: {fileID: 0}
    - target: {fileID: 0}
      propertyPath: ResourceData.Array.data[1].GraphWorkerInfluence.m_Curve.Array.data[1].value
      value: 1.50074625
      objectReference: {fileID: 0}
    - target: {fileID: 0}
      propertyPath: ResourceData.Array.data[1].GraphWorkerInfluence.m_Curve.Array.data[2].value
      value: 1.76557767
      objectReference: {fileID: 0}
    - target: {fileID: 0}
      propertyPath: ResourceData.Array.data[1].GraphWorkerInfluence.m_Curve.Array.data[2].inSlope
      value: .264981985
      objectReference: {fileID: 0}
    - target: {fileID: 0}
      propertyPath: ResourceData.Array.data[1].GraphWorkerInfluence.m_Curve.Array.data[2].outSlope
      value: .264981985
      objectReference: {fileID: 0}
    - target: {fileID: 0}
      propertyPath: ResourceData.Array.data[1].GraphWorkerInfluence.m_Curve.Array.data[2].time
      value: 2.99983168
      objectReference: {fileID: 0}
    - target: {fileID: 0}
      propertyPath: ResourceData.Array.data[2].GraphWorkerInfluence.m_Curve.Array.data[0].time
      value: .999999404
      objectReference: {fileID: 0}
    - target: {fileID: 0}
      propertyPath: ResourceData.Array.data[2].GraphWorkerInfluence.m_Curve.Array.data[0].value
      value: .501340568
      objectReference: {fileID: 0}
    - target: {fileID: 0}
      propertyPath: ResourceData.Array.data[2].GraphWorkerInfluence.m_Curve.Array.data[0].inSlope
      value: .499999762
      objectReference: {fileID: 0}
    - target: {fileID: 0}
      propertyPath: ResourceData.Array.data[2].GraphWorkerInfluence.m_Curve.Array.data[0].outSlope
      value: .499999762
      objectReference: {fileID: 0}
    - target: {fileID: 0}
      propertyPath: ResourceData.Array.data[2].GraphWorkerInfluence.m_Curve.Array.data[1].time
      value: 1.99999952
      objectReference: {fileID: 0}
    - target: {fileID: 0}
      propertyPath: ResourceData.Array.data[2].GraphWorkerInfluence.m_Curve.Array.data[1].inSlope
      value: .748694301
      objectReference: {fileID: 0}
    - target: {fileID: 0}
      propertyPath: ResourceData.Array.data[2].GraphWorkerInfluence.m_Curve.Array.data[1].outSlope
      value: .748694301
      objectReference: {fileID: 0}
    - target: {fileID: 0}
      propertyPath: ResourceData.Array.data[2].GraphWorkerInfluence.m_Curve.Array.data[1].value
      value: 1.00134039
      objectReference: {fileID: 0}
    - target: {fileID: 0}
      propertyPath: ResourceData.Array.data[2].GraphWorkerInfluence.m_Curve.Array.data[2].time
      value: 3.00300717
      objectReference: {fileID: 0}
    - target: {fileID: 0}
      propertyPath: ResourceData.Array.data[2].GraphWorkerInfluence.m_Curve.Array.data[2].inSlope
      value: .99738884
      objectReference: {fileID: 0}
    - target: {fileID: 0}
      propertyPath: ResourceData.Array.data[2].GraphWorkerInfluence.m_Curve.Array.data[2].outSlope
      value: .99738884
      objectReference: {fileID: 0}
    - target: {fileID: 0}
      propertyPath: ResourceData.Array.data[2].GraphWorkerInfluence.m_Curve.Array.data[2].value
      value: 2.00172901
      objectReference: {fileID: 0}
    - target: {fileID: 0}
      propertyPath: ResourcePoolData.ResourcePool
      value: 500
      objectReference: {fileID: 0}
    - target: {fileID: 0}
      propertyPath: ResourcePoolData.RecoverRate.Rate
      value: 10
      objectReference: {fileID: 0}
    - target: {fileID: 0}
      propertyPath: ResourcePoolData.RecoverRate.TickRate
      value: 1
      objectReference: {fileID: 0}
    - target: {fileID: 0}
      propertyPath: ResourcePoolData.DepletedTimeToRecover
      value: 5
      objectReference: {fileID: 0}
    - target: {fileID: 0}
      propertyPath: ResourceWorkerData.ConfortWorkers
      value: 3
      objectReference: {fileID: 0}
    - target: {fileID: 0}
      propertyPath: ResourceWorkerData.MaximunWorkers
      value: 5
      objectReference: {fileID: 0}
    - target: {fileID: 0}
      propertyPath: ResourceWorkerData.GraphWorkerInfluence.m_Curve.Array.data[0].time
      value: 1
      objectReference: {fileID: 0}
    - target: {fileID: 0}
      propertyPath: ResourceWorkerData.GraphWorkerInfluence.m_Curve.Array.data[0].value
      value: .999830782
      objectReference: {fileID: 0}
    - target: {fileID: 0}
      propertyPath: ResourceWorkerData.GraphWorkerInfluence.m_Curve.Array.data[0].inSlope
      value: .00703737792
      objectReference: {fileID: 0}
    - target: {fileID: 0}
      propertyPath: ResourceWorkerData.GraphWorkerInfluence.m_Curve.Array.data[0].outSlope
      value: .00703737792
      objectReference: {fileID: 0}
    - target: {fileID: 0}
      propertyPath: ResourceWorkerData.GraphWorkerInfluence.m_Curve.Array.data[1].time
      value: 2.00060463
      objectReference: {fileID: 0}
    - target: {fileID: 0}
      propertyPath: ResourceWorkerData.GraphWorkerInfluence.m_Curve.Array.data[1].inSlope
      value: .00351868896
      objectReference: {fileID: 0}
    - target: {fileID: 0}
      propertyPath: ResourceWorkerData.GraphWorkerInfluence.m_Curve.Array.data[1].outSlope
      value: .00351868896
      objectReference: {fileID: 0}
    - target: {fileID: 0}
      propertyPath: ResourceWorkerData.GraphWorkerInfluence.m_Curve.Array.data[1].value
      value: 1.00687242
      objectReference: {fileID: 0}
    - target: {fileID: 0}
      propertyPath: ResourceWorkerData.GraphWorkerInfluence.m_Curve.Array.data[2].time
      value: 3.00366068
      objectReference: {fileID: 0}
    - target: {fileID: 0}
      propertyPath: ResourceWorkerData.GraphWorkerInfluence.m_Curve.Array.data[2].value
      value: 1.00687242
      objectReference: {fileID: 0}
    - target: {fileID: 0}
      propertyPath: ResourceWorkerData.GraphWorkerInfluence.m_Curve.Array.data[2].inSlope
      value: -.0424966998
      objectReference: {fileID: 0}
    - target: {fileID: 0}
      propertyPath: ResourceWorkerData.GraphWorkerInfluence.m_Curve.Array.data[2].outSlope
      value: -.0424966998
      objectReference: {fileID: 0}
    - target: {fileID: 0}
      propertyPath: ResourceWorkerData.GraphWorkerInfluence.m_Curve.Array.data[3].time
      value: 4.00152016
      objectReference: {fileID: 0}
    - target: {fileID: 0}
      propertyPath: ResourceWorkerData.GraphWorkerInfluence.m_Curve.Array.data[3].inSlope
      value: .996552408
      objectReference: {fileID: 0}
    - target: {fileID: 0}
      propertyPath: ResourceWorkerData.GraphWorkerInfluence.m_Curve.Array.data[3].outSlope
      value: .996552408
      objectReference: {fileID: 0}
    - target: {fileID: 0}
      propertyPath: ResourceWorkerData.GraphWorkerInfluence.m_Curve.Array.data[3].value
      value: 2.01202512
      objectReference: {fileID: 0}
    - target: {fileID: 0}
      propertyPath: ResourceWorkerData.GraphWorkerInfluence.m_Curve.Array.data[2].tangentMode
      value: 0
      objectReference: {fileID: 0}
    - target: {fileID: 0}
      propertyPath: ResourceWorkerData.GraphWorkerInfluence.m_Curve.Array.data[4].time
      value: 5.00457621
      objectReference: {fileID: 0}
    - target: {fileID: 0}
      propertyPath: ResourceWorkerData.GraphWorkerInfluence.m_Curve.Array.data[4].value
      value: 3.00083375
      objectReference: {fileID: 0}
    - target: {fileID: 0}
      propertyPath: ResourceWorkerData.GraphWorkerInfluence.m_Curve.Array.data[4].inSlope
      value: .985795975
      objectReference: {fileID: 0}
    - target: {fileID: 0}
      propertyPath: ResourceWorkerData.GraphWorkerInfluence.m_Curve.Array.data[4].outSlope
      value: .985795975
      objectReference: {fileID: 0}
    - target: {fileID: 0}
      propertyPath: m_TagString
      value: Build
      objectReference: {fileID: 0}
    - target: {fileID: 0}
      propertyPath: ResourceData.Array.data[0]
      value: 
      objectReference: {fileID: 11400000, guid: 1e1bf519426230046af5e53c611f3962,
        type: 2}
    - target: {fileID: 0}
      propertyPath: Info.BuildCost.ConstructionTick
      value: 30
      objectReference: {fileID: 0}
    - target: {fileID: 0}
      propertyPath: Info.EntityType
      value: 2
      objectReference: {fileID: 0}
    - target: {fileID: 0}
      propertyPath: Info.BuildType
      value: 1
      objectReference: {fileID: 0}
    - target: {fileID: 0}
      propertyPath: ResourcePoolData
      value: 
      objectReference: {fileID: 11400000, guid: 56f40b7054c42e046831d9e29441d624,
        type: 2}
    - target: {fileID: 0}
      propertyPath: ResourceWorkerData
      value: 
      objectReference: {fileID: 11400000, guid: 239f8ffb13791b947aa7e0e54145d430,
        type: 2}
    - target: {fileID: 0}
      propertyPath: BuildCost.ConstructionTick
      value: 7
      objectReference: {fileID: 0}
    - target: {fileID: 0}
      propertyPath: EntityType
      value: 2
      objectReference: {fileID: 0}
    - target: {fileID: 0}
      propertyPath: BuildName
      value: 2
      objectReference: {fileID: 0}
    - target: {fileID: 0}
      propertyPath: BuildType
      value: 3
      objectReference: {fileID: 0}
    - target: {fileID: 0}
      propertyPath: BuildCost.WoodCost
      value: 100
      objectReference: {fileID: 0}
    - target: {fileID: 0}
      propertyPath: EmissionModule.rate.scalar
      value: 1
      objectReference: {fileID: 0}
    - target: {fileID: 0}
      propertyPath: Message
      value: "Uma <color=green><b>FAZENDA</b></color> acabou de ser constru\xEDda!"
      objectReference: {fileID: 0}
    - target: {fileID: 0}
      propertyPath: HistoryLogBase.Type
      value: 7
      objectReference: {fileID: 0}
    - target: {fileID: 0}
      propertyPath: HistoryLogBase.ShortLog
      value: Uma nova fazenda acabou de ser construida.
      objectReference: {fileID: 0}
    - target: {fileID: 0}
      propertyPath: UiRequestMessage
      value: "Uma <b>FAZENDA</b> foi constru\xEDda!"
      objectReference: {fileID: 0}
    m_RemovedComponents: []
  m_ParentPrefab: {fileID: 0}
  m_RootGameObject: {fileID: 130146}
  m_IsPrefabParent: 1
